@inproceedings{Royce1987,
  title={Managing the development of large software systems: concepts and techniques},
  author={Royce, Winston W},
  booktitle={Proceedings of the 9th international conference on Software Engineering},
  pages={328--338},
  year={1987},
  organization={IEEE Computer Society Press}
}

@misc{isprs2021,
    organization = {ISPRS},
    title = {International Society for Photogrammetry and Remoto Sensing},
    url = {https://www.isprs.org/society/},
    year = {2021},
    urlaccessdate = {24 ago. 2021}
}

@misc{EFotowebsite,
    organization = {E-Foto},
    title = {Uma Estação fotogrametrica livre},
    url = {http://www.efoto.eng.uerj.br},
    year = {2022},
    urlaccessdate = {24 março 2021}
}

@article{10.7287/peerj.preprints.27210v1,
 title = {E-Foto: an educational photogrammetric workstation},
 author = {Ribeiro, João Araujo and Brito, Jorge Silva and Bernardo, Orlando and Badolato, Irving and Dacome, Rodrigo and Mota, Guilherme Abelha},
 year = 2018,
 month = sep,
 keywords = {Photogrammetry, open source software, Digital Photogrammetric Workstation, Educational Workstation},
 abstract = {
        This paper shows our experience at the Rio de Janeiro State University (UERJ), in Brazil, developing and using the E-Foto software, one of the main achievements of the E-Foto project that aims to built-up a software tool for teaching digital photogrammetry and software development, to both graduate and undergraduate students, in the fields of Cartographic and Computer Engineering.
        E-Foto main objective is to diminish the gap that exists nowadays between the teaching of Photogrammetry and Remote Sensing in universities and Research Institutions of developing countries and the high-tech expensive systems that are used under the production environment.
      },
 volume = 6,
 pages = {e27210v1},
 journal = {PeerJ Preprints},
 issn = {2167-9843},
 url = {https://doi.org/10.7287/peerj.preprints.27210v1},
 doi = {10.7287/peerj.preprints.27210v1}
}

@book{coelho2007fotogrametria,
  title={Fotogrametria digital},
  author={Coelho, L. and Brito, J.N.},
  isbn={9788575111147},
  url={https://books.google.com.br/books?id=jVYENQAACAAJ},
  year={2007},
  publisher={EDUERJ}
}

@manual{roteiro2012,
  title={Roteiro para apresentação das teses e dissertações da Universidade do Estado do Rio de Janeiro},
  author={UERJ},
  organization={Dib, S.F. and Silva, N.C.},
  isbn={9788588769526},
  url={http://www.bdtd.uerj.br/roteiro_uerj_web.pdf},
  year={2012},
  address={Rio de Janeiro},
  publisher={Rede Sirius – Rede de Bibliotecas UERJ}
}

@article{IMP,
author = {Mikhail, E. and Bethel, James and Mcglone, Chris},
year = {2001},
month = {01},
pages = {},
title = {Introduction to Modern Photogrammetry},
journal = {John Wiley & Sons}
}

@misc{IBMCv,
    organization = {IBM},
    title = { International Business Machines Corporation},
    url = {https://www.ibm.com/topics/computer-vision},
    year = {2022},
    urlaccessdate = {23 fev. 2022}
}

@misc{ACMCv,
    organization = {ACM},
    title = { Association for Computing Machinery},
    url = {https://selects.acm.org/selections/getting-started-with-computer-vision},
    year = {2022},
    urlaccessdate = {23 mar. 2022}
}

@misc{BHCv,
    organization = {Hackernoon},
    title = { Hackernoon},
    url = {https://hackernoon.com/a-brief-history-of-computer-vision-and-convolutional-neural-networks-8fe8aacc79f3},
    year = {2022},
    urlaccessdate = {23 fev. 2022}
}

@inproceedings{Ciarambino2016,
author = {Ciarambino, M and Lunghi, P and Losi, L and Lavagna, M},
year = {2016},
month = {03},
pages = {},
title = {Development, validation and test of optical based algorithms for autonomous planetary landing}
}

@book{laganiere2017opencv,
  title={OpenCV 3 Computer Vision Application Programming Cookbook},
  author={Lagani{\`e}re, Robert},
  year={2017},
  publisher={Packt Publishing Ltd}
}

@article{Gao2018-dd,
  title     = "Computer Vision in Healthcare Applications",
  author    = "Gao, Junfeng and Yang, Yong and Lin, Pan and Park, Dong Sun",
  journal   = "Journal of Healthcare Engineering",
  publisher = "Hindawi",
  volume    =  2018,
  pages     = "4",
  month     =  mar,
  year      =  2018
}

@article{FANG2020103013,
title = {Computer vision applications in construction safety assurance},
journal = {Automation in Construction},
volume = {110},
pages = {103013},
year = {2020},
issn = {0926-5805},
doi = {https://doi.org/10.1016/j.autcon.2019.103013},
url = {https://www.sciencedirect.com/science/article/pii/S0926580519301487},
author = {Weili Fang and Lieyun Ding and Peter E.D. Love and Hanbin Luo and Heng Li and Feniosky Peña-Mora and Botao Zhong and Cheng Zhou},
keywords = {Computer vision, Deep learning, Digital technology, Safety},
}

@article{gomes2012applications,
  title={Applications of computer vision techniques in the agriculture and food industry: a review},
  author={Gomes, Juliana Freitas Santos and Leta, Fabiana Rodrigues},
  journal={European Food Research and Technology},
  volume={235},
  number={6},
  pages={989--1000},
  year={2012},
  publisher={Springer}
}

@article{ruiz2002application,
  title={Application of computer vision techniques to support in the restoration of historical buildings},
  author={Ruiz, Luis Angel and Lerma, Jos{\'e} Luiz and Gimeno, Josep},
  journal={INTERNATIONAL ARCHIVES OF PHOTOGRAMMETRY REMOTE SENSING AND SPATIAL INFORMATION SCIENCES},
  volume={34},
  number={3/B},
  pages={227--230},
  year={2002},
  publisher={NATURAL RESOURCES CANADA}
}

@techreport{fischler1985computer,
  title={Computer Vision Research and Its Applications to Automated Cartography},
  author={Fischler, Martin A},
  year={1985},
  institution={SRI INTERNATIONAL MENLO PARK CA}
}

@ARTICLE{Hubel1959-xd,
  title    = "Receptive fields of single neurones in the cat's striate cortex",
  author   = "Hubel, D H and Wiesel, T N",
  journal  = "The Journal of physiology",
  volume   =  148,
  number   =  3,
  pages    = "574--591",
  month    =  oct,
  year     =  1959,
  keywords = "*CEREBRAL CORTEX/physiology; *NEURONS/physiology; Animals; Cats;
              Cerebral Cortex/*physiology; Neurons/*physiology; *Visual Cortex"
}

@phdthesis{roberts1963machine,
  title={Machine perception of three-dimensional solids},
  author={Roberts, Lawrence G},
  year={1963},
  school={Massachusetts Institute of Technology}
}

@book{marr2010vision,
  title={Vision: A computational investigation into the human representation and processing of visual information},
  author={Marr, David},
  year={2010},
  publisher={MIT press}
}

@misc{OpenCV,
    organization = {OpenCV},
    title = {About - OpenCV},
    url = {https://opencv.org/about/},
    year = {2022},
    urlaccessdate = {23 fev. 2022}
}

@article{FENG2019309,
title = {Computer vision algorithms and hardware implementations: A survey},
journal = {Integration},
volume = {69},
pages = {309-320},
year = {2019},
issn = {0167-9260},
doi = {https://doi.org/10.1016/j.vlsi.2019.07.005},
url = {https://www.sciencedirect.com/science/article/pii/S0167926019301762},
author = {Xin Feng and Youni Jiang and Xuejiao Yang and Ming Du and Xin Li},
keywords = {Computer vision, Hardware accelerator, Deep convolutional neural network, Artificial intelligence},
abstract = {The field of computer vision is experiencing a great-leap-forward development today. This paper aims at providing a comprehensive survey of the recent progress on computer vision algorithms and their corresponding hardware implementations. In particular, the prominent achievements in computer vision tasks such as image classification, object detection and image segmentation brought by deep learning techniques are highlighted. On the other hand, review of techniques for implementing and optimizing deep-learning-based computer vision algorithms on GPU, FPGA and other new generations of hardware accelerators are presented to facilitate real-time and/or energy-efficient operations. Finally, several promising directions for future research are presented to motivate further development in the field.}
}

@book{OpenCV3,
author = {Kaehler, Adrian and Bradski, Gary},
title = {Learning OpenCV 3: Computer Vision in C++ with the OpenCV Library},
year = {2016},
isbn = {1491937998},
publisher = {O'Reilly Media, Inc.},
edition = {1st},
abstract = {Learning OpenCV 3.0 puts you in the middle of the expanding field of computer vision. Written by the creators of the free open source OpenCV library, this book introduces you to computer vision and demonstrates how you can quickly build applications that enable computers to see and make decisions based on that data. Its thoroughly updated to cover new features and changes in OpenCV 3.0. Computer vision is everywherein security systems, manufacturing inspection systems, medical image analysis, Unmanned Aerial Vehicles, and more. It stitches Google maps and Google Earth together, checks the pixels on LCD screens, and makes sure the stitches in your shirt are sewn properly. OpenCV provides an easy-to-use computer vision framework and a comprehensive library with more than 500 functions that can run vision code in real time.}
}

@inproceedings{SIFT1999,
  title={Object recognition from local scale-invariant features},
  author={Lowe, David G},
  booktitle={Proceedings of the seventh IEEE international conference on computer vision},
  volume={2},
  pages={1150--1157},
  year={1999},
  organization={Ieee}
}

@misc{SIFT_Patent,
  title={Method and apparatus for identifying scale invariant features in an image and use of same for locating an object in an image},
  author={Lowe, David G},
  url={https://patents.google.com/patent/US6711293B1/en},
  year={1999},
  publisher={Google Patents},
  note={US Patent 6711293B1}
}

@article{SIFT2004,
  title={Distinctive image features from scale-invariant keypoints},
  author={Lowe, David G},
  journal={International journal of computer vision},
  volume={60},
  number={2},
  pages={91--110},
  year={2004},
  publisher={Springer}
}

@inproceedings{ORB,
  title={ORB: An efficient alternative to SIFT or SURF},
  author={Rublee, Ethan and Rabaud, Vincent and Konolige, Kurt and Bradski, Gary},
  booktitle={2011 International conference on computer vision},
  pages={2564--2571},
  year={2011},
  organization={Ieee}
}

@article{AKAZE,
  title={Fast explicit diffusion for accelerated features in nonlinear scale spaces},
  author={Alcantarilla, P and Nuovo, J and Bartoli, A},
  journal={IEEE Trans. Patt. Anal. Mach. Intell},
  volume={34},
  number={7},
  pages={1281--1298},
  year={2011}
}

@inproceedings{SURF,
  title={Surf: Speeded up robust features},
  author={Bay, Herbert and Tuytelaars, Tinne and Gool, Luc Van},
  booktitle={European conference on computer vision},
  pages={404--417},
  year={2006},
  organization={Springer}
}

@monography{regal2013,
author = "Nilson Antonio de Castro Regal",
address = "Rio de Janeiro",
school = "Departamento de Engenharia Cartogr{\'a}fica - UERJ",
title = "{M}edi{\c{c}}{\~o}es topogr{\'a}ficas para avalia{\c{c}}{\~a}o da qualidade de medi{\c{c}}{\~o}es fotogram{\'e}tricas no ambiente e-foto",
type = {},
year = "2013",
}

@monography{jonas2012,
author = "Jonas Ribeiro",
abstract = "O projeto apresentado nesta monografia prop{\~o}e a cria{\c{c}}{\~a}o de um m{\'o}dulo para gera{\c{c}}{\~a}o de relat{\'o}rio de um projeto fotogram{\'e}trico para o software livre E-Foto. Diferente dos relat{\'o}rios gerados por plataforma de software fotogram{\'e}trico comercial, este relat{\'o}rio ser{\'a} configur{\'a}vel, podendo-se optar por quais dados ir{\~a}o ser produzidos. O relat{\'o}rio ter{\'a} tr{\^e}s tipos de formato de sa{\'i}da: XML, TXT ou HTML.",
address = "Rio de Janeiro",
institution = "Departamento de Engenharia de Sistemas e Computa{\c{c}}{\~a}o - UERJ",
school = "Departamento de Engenharia de Sistemas e Computa{\c{c}}{\~a}o - UERJ",
title = "{G}era{\c{c}}{\~a}o de {R}elat{\'o}rio de {P}rojeto {F}otogram{\'e}trico da {E}sta{\c{c}}{\~a}o {F}otogram{\'e}trica {D}igital {E}ducacional {L}ivre ({E}-{F}oto)",
type = {},
year = "2012",
}

@mastersthesis{correa2011,
author = "Nathasha Catiuscia da Silva Correa and Roberta Muniz Laranja",
address = "Rio de Janeiro",
school = "Departamento de Engenharia Cartogr{\'a}fica - UERJ",
title = "{M}apeamento {F}otogram{\'e}trico {D}igital: {U}m {E}studo {C}omparativo para a {B}acia {H}idrogr{\'a}fica do {R}io {P}iabanha nos {A}mbientes {E}-{F}oto e {LPS}",
year = "2011",
}

@book{Martin_Vermeer2018,
author = "Martin Vermeer and Getachew Tesfaye Ayehu",
address = "Helsink, Finl{\^a}ndia",
editor = "Aalto University’s Department of the Built Environment",
keywords = "photogrammetry",
publisher = "Aalto University’s Department of the Built Environment",
title = "{D}igital {A}erial {M}apping – a {H}ands-{O}n {C}our",
url = "http://users.aalto.fi/~mvermeer/book.pdf",
year = "2018",
}

@inproceedings{fricker2005pushbroom,
  title={Pushbroom scanners provide highest resolution earth imaging information in multispectral bands},
  author={Fricker, P and Rohrbach, A},
  booktitle={Proceedings of IPSRS Hannover Workshop: High Resolution Earth Imaging for Geospatial Information},
  year={2005}
}

@misc{ezpdh,
    organization = {EZ-PDH},
    title = {Eazy Engineering Professional Development Hours},
    url = {https://ez-pdh.com/aerial-photogrammetry-help/},
    year = {2022},
    urlaccessdate = {06 abril 2022}
}

@misc{IBGE,
    organization = {IBGE},
    title = {Instituto Brasileiro de Geografia e Estatística},
    url = {https://www.ibge.gov.br/pt/inicio.html},
    year = {2022},
    urlaccessdate = {06 abril 2022}
}

@monography{pupim2012,
author = "Paulo Andr{\'e} Batista Pupim",
abstract = "Fototriangula{\c{c}}{\~a}o consiste num processo fotogram{\'e}trico para calcular os par{\^a}metros da orienta{\c{c}}{\~a}o exterior de um bloco de imagens representando um terreno. Esse processo em geral {\'e} feito atrav{\'e}s de um m{\'e}todo chamado de ajustamento por feixes perspectivos. No projeto E-Foto esse processo era extremamente necess{\'a}rio para o avan{\c{c}}o do projeto. Para unir esse processo com o projeto E-Foto adotou-se uma arquitetura chamada MVC (Model-View-Controller) que aconselha a separa{\c{c}}{\~a}o da camada de neg{\'o}cio da camada de interface com o usu{\'a}rio atrav{\'e}s de um controlador que faz o papel de mediador entre eles. Assim pode-se alterar qualquer uma das camadas sem precisar obrigatoriamente a outra. Com isso em mente, este m{\'o}dulo foi criado e testado com rela{\c{c}}{\~a}o {\`a} funcionalidade e a qualidade dos resultados que se mostraram bastantes satisfat{\'o}rios quando comparados aos resultados de software comercial reconhecido mundialmente.",
address = "Rio de Janeiro",
school = "Faculdade de Engenharia, Universidade do Estado do Rio de Janeiro",
title = "{F}ototriangula{\c{c}}{\~a}o por {F}eixes {P}erspectivos e sua aplica{\c{c}}{\~a}o na {V}ers{\~a}o {I}ntegrada da {E}sta{\c{c}}{\~a}o {F}otogram{\'e}trica {D}igital {E}ducacional {L}ivre ({E}-{F}oto)",
type = {},
year = "2012",
}

@article{RHO,
  title={A fast and robust homography scheme for real-time planar target detection},
  author={Bazargani, Hamid and Bilaniuk, Olexa and Laganiere, Robert},
  journal={Journal of Real-Time Image Processing},
  volume={15},
  number={4},
  pages={739--758},
  year={2018},
  publisher={Springer}
}

@article{RANSAC,
  title={Random sample consensus: a paradigm for model fitting with applications to image analysis and automated cartography},
  author={Fischler, Martin A and Bolles, Robert C},
  journal={Communications of the ACM},
  volume={24},
  number={6},
  pages={381--395},
  year={1981},
  publisher={ACM New York, NY, USA}
}

@article{LMEDS,
title = {Least median of squares: a robust method for outlier and model error detection in regression and calibration},
journal = {Analytica Chimica Acta},
volume = {187},
pages = {171-179},
year = {1986},
issn = {0003-2670},
doi = {https://doi.org/10.1016/S0003-2670(00)82910-4},
url = {https://www.sciencedirect.com/science/article/pii/S0003267000829104},
author = {Desire L. Massart and Leonard Kaufman and Peter J. Rousseeuw and Annick Leroy},
abstract = {The least median of squares method is a robust regression method, which means that it is not sensitive to outliers or other violations of the assumption of the usual normal model. This contrasts with the conventional regression method, which minimizes the sum of squares. It is demonstrated that the proposed method can be used to detect or correct for outliers or model errors in calibration applications and in comparing two procedures.}
}

@INPROCEEDINGS{PROSAC,
  author={Chum, O. and Matas, J.},
  booktitle={2005 IEEE Computer Society Conference on Computer Vision and Pattern Recognition (CVPR'05)}, 
  title={Matching with PROSAC - progressive sample consensus}, 
  year={2005},
  volume={1},
  number={},
  pages={220-226 vol. 1},
  abstract={A new robust matching method is proposed. The progressive sample consensus (PROSAC) algorithm exploits the linear ordering defined on the set of correspondences by a similarity function used in establishing tentative correspondences. Unlike RANSAC, which treats all correspondences equally and draws random samples uniformly from the full set, PROSAC samples are drawn from progressively larger sets of top-ranked correspondences. Under the mild assumption that the similarity measure predicts correctness of a match better than random guessing, we show that PROSAC achieves large computational savings. Experiments demonstrate it is often significantly faster (up to more than hundred times) than RANSAC. For the derived size of the sampled set of correspondences as a function of the number of samples already drawn, PROSAC converges towards RANSAC in the worst case. The power of the method is demonstrated on wide-baseline matching problems.},
  keywords={},
  doi={10.1109/CVPR.2005.221},
  ISSN={1063-6919},
  month={June}
  }
  
  @inproceedings{harris1988combined,
  title={A combined corner and edge detector},
  author={Harris, Chris and Stephens, Mike and others},
  booktitle={Alvey vision conference},
  volume={15},
  number={50},
  pages={10--5244},
  year={1988},
  organization={Citeseer}
}

@article{manual_photogrammetry,
  title={Manual of Photogrammetry, 5th Edition},
  author={Mikhail, E. M. and Mullen, R. A. and Bethel, J. and McGlone, J. C.},
  journal={Photogrammetric Engineering and Remote Sensing},
  year={2006},
  volume={72},
  pages={312}
}
